
</collection>
<collection xmlns="http://www.loc.gov/MARC21/slim">
<record>
  <controlfield tag="001">1880200</controlfield>
  <controlfield tag="005">20230722024604.0</controlfield>
  <datafield tag="024" ind1="8" ind2=" ">
    <subfield code="a">oai:cds.cern.ch:1880200</subfield>
    <subfield code="p">cerncds:MEMORIAV</subfield>
  </datafield>
  <datafield tag="041" ind1=" " ind2=" ">
    <subfield code="9">review</subfield>
    <subfield code="a">eng</subfield>
  </datafield>
  <datafield tag="245" ind1=" " ind2=" ">
    <subfield code="9">review</subfield>
    <subfield code="a">Talk on the history of detectors by Georges Charpak</subfield>
  </datafield>
  <datafield tag="260" ind1=" " ind2=" ">
    <subfield code="9">review</subfield>
    <subfield code="c">1993</subfield>
  </datafield>
  <datafield tag="500" ind1=" " ind2=" ">
    <subfield code="a">The video was digitized from its original recording as part of the CERN Digital Memory project</subfield>
  </datafield>
  <datafield tag="511" ind1=" " ind2=" ">
    <subfield code="9">review</subfield>
    <subfield code="a">Rubbia, Carlo ; Charpak, Georges</subfield>
  </datafield>
  <datafield tag="520" ind1=" " ind2=" ">
    <subfield code="9">review</subfield>
    <subfield code="a">A talk on the history of detectors from the 1950s to the 1990s by Georges Charpak, following his Nobel Prize in Physics</subfield>
  </datafield>
  <datafield tag="542" ind1="1" ind2=" ">
    <subfield code="9">review</subfield>
    <subfield code="d">CERN</subfield>
    <subfield code="g">1993</subfield>
  </datafield>
  <datafield tag="583" ind1="1" ind2=" ">
    <subfield code="2">pda</subfield>
    <subfield code="3">VHS</subfield>
    <subfield code="5">SzGeCERN</subfield>
    <subfield code="6">disks/DELIVERY39</subfield>
    <subfield code="a">digitized</subfield>
    <subfield code="b">C1V1</subfield>
    <subfield code="c">202011</subfield>
    <subfield code="f">CERN Digital Memory Project</subfield>
    <subfield code="i">OPEN-REFINE Project SUM-NOV2020</subfield>
    <subfield code="k">PICTURAE</subfield>
    <subfield code="n">52,6166666666667</subfield>
    <subfield code="o">minutes</subfield>
    <subfield code="u">https://cds.cern.ch/record/2257246</subfield>
    <subfield code="x">High frequency interference pattern</subfield>
  </datafield>
  <datafield tag="594" ind1=" " ind2=" ">
    <subfield code="9">review</subfield>
    <subfield code="a">Footage</subfield>
  </datafield>
  <datafield tag="595" ind1=" " ind2=" ">
    <subfield code="a">VHS</subfield>
  </datafield>
  <datafield tag="650" ind1="2" ind2="7">
    <subfield code="9">review</subfield>
    <subfield code="a">Science and politics</subfield>
  </datafield>
  <datafield tag="653" ind1="1" ind2=" ">
    <subfield code="9">review</subfield>
    <subfield code="a">Detector</subfield>
  </datafield>
  <datafield tag="653" ind1="1" ind2=" ">
    <subfield code="9">review</subfield>
    <subfield code="a">Bubble Chamber</subfield>
  </datafield>
  <datafield tag="653" ind1="1" ind2=" ">
    <subfield code="9">review</subfield>
    <subfield code="a">Multiwire proportional chamber</subfield>
  </datafield>
  <datafield tag="690" ind1="C" ind2=" ">
    <subfield code="9">review</subfield>
    <subfield code="a">reviewed</subfield>
  </datafield>
  <datafield tag="690" ind1="C" ind2=" ">
    <subfield code="a">movingimages</subfield>
  </datafield>
  <datafield tag="852" ind1=" " ind2=" ">
    <subfield code="a">Not-in-Inventory</subfield>
    <subfield code="c">CM-A00000340</subfield>
  </datafield>
  <datafield tag="856" ind1="4" ind2=" ">
    <subfield code="2">EOS</subfield>
    <subfield code="q">MP4</subfield>
    <subfield code="u">https://cern.ch/digital-memory/media-archive/video/cern/mp4/1880200.mp4</subfield>
    <subfield code="w">(PICTURAE:MD5)CM-A00000340-082.mp4;a03804e243b9fa9ce85dd6dae3e3e790</subfield>
    <subfield code="y">Video-CM-A00000340-082</subfield>
    <subfield code="z">mp4 video format (640x360)</subfield>
  </datafield>
  <datafield tag="856" ind1="7" ind2=" ">
    <subfield code="2">EOS</subfield>
    <subfield code="d">/eos/media/cds/public/www/digital-memory/media-archive/video/cern/mov/1880200.mov</subfield>
    <subfield code="q">MOV</subfield>
    <subfield code="w">(PICTURAE:MD5)CM-A00000340-082.mov;016404d5be2fc5f0641bb50c139163c7</subfield>
  </datafield>
  <datafield tag="856" ind1="7" ind2=" ">
    <subfield code="2">EOS</subfield>
    <subfield code="d">/eos/media/cds/public/www/digital-memory/media-archive/video/cern/mkv/1880200.mkv</subfield>
    <subfield code="q">MKV</subfield>
    <subfield code="w">(PICTURAE:MD5)CM-A00000340-082.mkv;6035962420016a9d2682ffa01a7af4bd</subfield>
  </datafield>
  <datafield tag="960" ind1=" " ind2=" ">
    <subfield code="a">200</subfield>
  </datafield>
  <datafield tag="961" ind1=" " ind2=" ">
    <subfield code="a">Tom Barthelemy</subfield>
    <subfield code="b">Curator</subfield>
    <subfield code="x">2020-11-01</subfield>
  </datafield>
  <datafield tag="963" ind1=" " ind2=" ">
    <subfield code="9">review</subfield>
    <subfield code="a">PUBLIC</subfield>
  </datafield>
  <datafield tag="980" ind1=" " ind2=" ">
    <subfield code="a">VIDEOARC</subfield>
  </datafield>
</record>