
</collection>
<collection xmlns="http://www.loc.gov/MARC21/slim">
<record>
  <controlfield tag="001">1879935</controlfield>
  <controlfield tag="005">20230717100501.0</controlfield>
  <datafield tag="024" ind1="8" ind2=" ">
    <subfield code="a">oai:cds.cern.ch:1879935</subfield>
    <subfield code="p">cerncds:MEMORIAV</subfield>
  </datafield>
  <datafield tag="041" ind1=" " ind2=" ">
    <subfield code="9">review</subfield>
    <subfield code="a">eng</subfield>
  </datafield>
  <datafield tag="100" ind1=" " ind2=" ">
    <subfield code="a">CERN - Service technique des conf\xc3\xa9rences</subfield>
  </datafield>
  <datafield tag="245" ind1=" " ind2=" ">
    <subfield code="a">Jet physics</subfield>
  </datafield>
  <datafield tag="260" ind1=" " ind2=" ">
    <subfield code="a">Geneva</subfield>
    <subfield code="b">CERN</subfield>
    <subfield code="c">Year unknown</subfield>
  </datafield>
  <datafield tag="260" ind1=" " ind2=" ">
    <subfield code="9">review</subfield>
    <subfield code="c">1998</subfield>
  </datafield>
  <datafield tag="269" ind1=" " ind2=" ">
    <subfield code="9">review</subfield>
    <subfield code="c">1998-0</subfield>
  </datafield>
  <datafield tag="337" ind1=" " ind2=" ">
    <subfield code="a">Video</subfield>
  </datafield>
  <datafield tag="340" ind1=" " ind2=" ">
    <subfield code="a">VHS</subfield>
  </datafield>
  <datafield tag="500" ind1=" " ind2=" ">
    <subfield code="a">The video was digitized from its original recording as part of the CERN Digital Memory project</subfield>
  </datafield>
  <datafield tag="500" ind1=" " ind2=" ">
    <subfield code="a">The video was digitized from its original recording as part of the CERN Digital Memory project</subfield>
  </datafield>
  <datafield tag="514" ind1=" " ind2=" ">
    <subfield code="a">Low RF, noisy picture -</subfield>
  </datafield>
  <datafield tag="520" ind1=" " ind2=" ">
    <subfield code="9">review</subfield>
    <subfield code="a">Jet physics by W. Giele</subfield>
  </datafield>
  <datafield tag="542" ind1="1" ind2=" ">
    <subfield code="9">review</subfield>
    <subfield code="d">CERN</subfield>
    <subfield code="g">1998-0</subfield>
  </datafield>
  <datafield tag="583" ind1="1" ind2=" ">
    <subfield code="2">pda</subfield>
    <subfield code="3">VHS</subfield>
    <subfield code="5">SzGeCERN</subfield>
    <subfield code="6">HDD32</subfield>
    <subfield code="a">digitized</subfield>
    <subfield code="b">C1V1: Composite\tSignal - U-Matic,\xc2\xa0U-Matic SP,\xc2\xa0VHS, 1 inch C, 1 inch B, Video , Betamax</subfield>
    <subfield code="c">20180320</subfield>
    <subfield code="f">CERN Digital Memory Project</subfield>
    <subfield code="f">unknown</subfield>
    <subfield code="i">CREATE-MARC-run20180618_0925</subfield>
    <subfield code="k">PICTURAE</subfield>
    <subfield code="u">https://cds.cern.ch/record/2257246</subfield>
    <subfield code="x">- VISUAL INSPECTION TABLE timing: from 19/03/2018 15:33 to 19/03/2018 15:33 -
 - RTI VT 460 timing: from 19/03/2018 15:34 to 19/03/2018 15:46 -
 - MAC-V409 timing: from 20/03/2018 12:05 to 20/03/2018 13:51 -
 - MANUAL QC GEN timing: from 20/03/2018 13:51 to 20/03/2018 13:51 -
 - MANUAL QC GEN timing: from 20/03/2018 22:35 to 20/03/2018 22:35 -
 - FILE_PRESENCE timing: from 20/03/2018 22:35 to 20/03/2018 22:35 -</subfield>
    <subfield code="z">- VISUAL INSPECTION TABLE of VHS () true  - 
 - RTI VT 460 of VHS () true  - 
 - MAC-V409 of VHS () true Low RF, noisy picture - 
 - MANUAL QC GEN of VHS () true  - 
 - MANUAL QC GEN of VHS () true  - 
 - FILE_PRESENCE of VHS () true  -</subfield>
  </datafield>
  <datafield tag="583" ind1="1" ind2=" ">
    <subfield code="2">pda</subfield>
    <subfield code="3">VHS</subfield>
    <subfield code="5">SzGeCERN</subfield>
    <subfield code="a">digitized</subfield>
    <subfield code="b">C1V1</subfield>
    <subfield code="c">202011</subfield>
    <subfield code="f">CERN Digital Memory Project</subfield>
    <subfield code="i">OPEN-REFINE Project SUM-NOV2020</subfield>
    <subfield code="k">PICTURAE</subfield>
    <subfield code="n">103,776666666667</subfield>
    <subfield code="o">minutes</subfield>
    <subfield code="u">https://cds.cern.ch/record/2257246</subfield>
    <subfield code="x">Low RF, noisy picture</subfield>
  </datafield>
  <datafield tag="583" ind1=" " ind2=" ">
    <subfield code="a">curation</subfield>
    <subfield code="c">Novembre 2020</subfield>
    <subfield code="z">-Audio: TRUE -Video Signal: TRUE -Multiple: FALSE -Relevant to CERN: TRUE -Duplicate: FALSE</subfield>
  </datafield>
  <datafield tag="594" ind1=" " ind2=" ">
    <subfield code="9">review</subfield>
    <subfield code="a">Conference Speech</subfield>
  </datafield>
  <datafield tag="595" ind1=" " ind2=" ">
    <subfield code="a">MKV-FILE-MISSING</subfield>
    <subfield code="d">20180618_0925</subfield>
  </datafield>
  <datafield tag="597" ind1=" " ind2=" ">
    <subfield code="9">review</subfield>
    <subfield code="a">2 conferencies</subfield>
  </datafield>
  <datafield tag="650" ind1="2" ind2="7">
    <subfield code="9">review</subfield>
    <subfield code="a">Portraits of science</subfield>
  </datafield>
  <datafield tag="653" ind1="1" ind2=" ">
    <subfield code="9">CERN</subfield>
  </datafield>
  <datafield tag="690" ind1="C" ind2=" ">
    <subfield code="a">movingimages</subfield>
  </datafield>
  <datafield tag="690" ind1="C" ind2=" ">
    <subfield code="a">Unknown</subfield>
  </datafield>
  <datafield tag="690" ind1="C" ind2=" ">
    <subfield code="9">review</subfield>
    <subfield code="a">reviewed</subfield>
  </datafield>
  <datafield tag="852" ind1=" " ind2=" ">
    <subfield code="a">60</subfield>
    <subfield code="c">CM-A00000340</subfield>
  </datafield>
  <datafield tag="856" ind1="4" ind2=" ">
    <subfield code="2">EOS</subfield>
    <subfield code="q">MP4</subfield>
    <subfield code="u">https://cern.ch/digital-memory/media-archive/video/open/mp4/CM-A00000340-043.mp4</subfield>
    <subfield code="w">(PICTURAE:MD5)CM-A00000340-043.mp4;a20dbc9fedffb64da5d1a75cae6fa591</subfield>
    <subfield code="x">fixed</subfield>
    <subfield code="y">Video-CM-A00000340-043</subfield>
    <subfield code="z">mp4 video format (640x360)</subfield>
  </datafield>
  <datafield tag="856" ind1="7" ind2=" ">
    <subfield code="2">EOS</subfield>
    <subfield code="d">/eos/media/cds/public/www/digital-memory/media-archive/video/open/mov/CM-A00000340-043.mov</subfield>
    <subfield code="q">MOV</subfield>
    <subfield code="w">(PICTURAE:MD5)CM-A00000340-043.mov;fa1d54fcfa595725dfa75342fdf6bf73</subfield>
    <subfield code="x">fixed</subfield>
  </datafield>
  <datafield tag="960" ind1=" " ind2=" ">
    <subfield code="a">85</subfield>
  </datafield>
  <datafield tag="960" ind1=" " ind2=" ">
    <subfield code="a">200</subfield>
  </datafield>
  <datafield tag="961" ind1=" " ind2=" ">
    <subfield code="a">Tom Barthelemy</subfield>
    <subfield code="b">Curator</subfield>
    <subfield code="x">2020-11-01</subfield>
  </datafield>
  <datafield tag="963" ind1=" " ind2=" ">
    <subfield code="a">Access unknown</subfield>
  </datafield>
  <datafield tag="963" ind1=" " ind2=" ">
    <subfield code="9">review</subfield>
    <subfield code="a">PUBLIC</subfield>
  </datafield>
  <datafield tag="980" ind1=" " ind2=" ">
    <subfield code="a">VIDEOARC</subfield>
  </datafield>
</record>